<?xml version="1.0" encoding="UTF-8"?>
<OAI-PMH xmlns="http://www.openarchives.org/OAI/2.0/" xmlns:xsi="http://www.w3.org/2001/XMLSchema-instance" xsi:schemaLocation="http://www.openarchives.org/OAI/2.0/ http://www.openarchives.org/OAI/2.0/OAI-PMH.xsd">
  <ListRecords>
    <record>
      <header>
        <identifier>aleph-publish:010389914</identifier>
      </header>
      <metadata>
        <record xmlns="http://www.ddb.de/professionell/mabxml/mabxml-1.xsd">
          <leader>00000nM2.01200024------h</leader>
          <controlfield tag="LDR">00000nM2.01200024------h</controlfield>
          <controlfield tag="FMT">MH</controlfield>
          <datafield tag="001" ind1="-" ind2="1">
            <subfield code="a">HT012237361</subfield>
          </datafield>
          <datafield tag="002" ind1="a" ind2="1">
            <subfield code="a">19991120</subfield>
          </datafield>
          <datafield tag="003" ind1="-" ind2="1">
            <subfield code="a">20220903091026</subfield>
          </datafield>
          <datafield tag="020" ind1="a" ind2="1">
            <subfield code="a">590016-5</subfield>
            <subfield code="b">DNB</subfield>
          </datafield>
          <datafield tag="025" ind1="a" ind2="1">
            <subfield code="a">01335941X</subfield>
          </datafield>
          <datafield tag="025" ind1="z" ind2="1">
            <subfield code="a">590016-5</subfield>
          </datafield>
          <datafield tag="025" ind1="o" ind2="1">
            <subfield code="a">1068638488</subfield>
          </datafield>
          <datafield tag="026" ind1="-" ind2="1">
            <subfield code="a">ZDB590016-5</subfield>
          </datafield>
          <controlfield tag="030">a||u|||||||27</controlfield>
          <datafield tag="036" ind1="a" ind2="1">
            <subfield code="a">XA-DE</subfield>
          </datafield>
          <datafield tag="037" ind1="b" ind2="1">
            <subfield code="a">ger</subfield>
          </datafield>
          <controlfield tag="050">a|a|||||||||||</controlfield>
          <controlfield tag="052">pst||||t|||||||</controlfield>
          <datafield tag="060" ind1="-" ind2="1">
            <subfield code="b">txt</subfield>
            <subfield code="a">Text</subfield>
          </datafield>
          <datafield tag="061" ind1="-" ind2="1">
            <subfield code="b">n</subfield>
            <subfield code="a">ohne Hilfsmittel zu benutzen</subfield>
          </datafield>
          <datafield tag="062" ind1="-" ind2="1">
            <subfield code="b">nc</subfield>
            <subfield code="a">Band</subfield>
          </datafield>
          <datafield tag="064" ind1="a" ind2="1">
            <subfield code="a">Zeitschrift</subfield>
            <subfield code="9">(DE-588)4067488-5</subfield>
          </datafield>
          <datafield tag="064" ind1="a" ind2="1">
            <subfield code="a">Statistik</subfield>
            <subfield code="9">(DE-588)4056995-0</subfield>
          </datafield>
          <datafield tag="070" ind1="-" ind2="1">
            <subfield code="a">9001</subfield>
          </datafield>
          <datafield tag="070" ind1="a" ind2="1">
            <subfield code="a">DNB</subfield>
          </datafield>
          <datafield tag="070" ind1="b" ind2="1">
            <subfield code="a">9999</subfield>
          </datafield>
          <datafield tag="085" ind1="x" ind2="1">
            <subfield code="l">L</subfield>
            <subfield code="a">Finanzen und Steuern</subfield>
          </datafield>
          <datafield tag="085" ind1="x" ind2="1">
            <subfield code="l">IV</subfield>
          </datafield>
          <datafield tag="085" ind1="x" ind2="1">
            <subfield code="l">6</subfield>
            <subfield code="a">Einheitswerte des Grundvermögens nach der Hauptfeststellung</subfield>
            <subfield code="d">Gemeindeergebnisse</subfield>
          </datafield>
          <datafield tag="200" ind1="-" ind2="1">
            <subfield code="k">Rheinland-Pfalz</subfield>
            <subfield code="b">Statistisches Landesamt</subfield>
            <subfield code="9">(DE-588)36467-8</subfield>
          </datafield>
          <datafield tag="201" ind1="-" ind2="1">
            <subfield code="k">Statistisches Landesamt</subfield>
            <subfield code="h">Rheinland-Pfalz</subfield>
          </datafield>
          <datafield tag="201" ind1="-" ind2="1">
            <subfield code="k">Statistisches Landesamt Rheinland-Pfalz</subfield>
          </datafield>
          <datafield tag="331" ind1="-" ind2="1">
            <subfield code="a">Statistische Berichte des Statistischen Landesamtes Rheinland-Pfalz</subfield>
          </datafield>
          <datafield tag="360" ind1="-" ind2="1">
            <subfield code="a">L, Finanzen und Steuern</subfield>
          </datafield>
          <datafield tag="360" ind1="-" ind2="1">
            <subfield code="a">IV</subfield>
          </datafield>
          <datafield tag="360" ind1="-" ind2="1">
            <subfield code="a">6, Einheitswerte des Grundvermögens nach der Hauptfeststellung : Gemeindeergebnisse</subfield>
          </datafield>
          <datafield tag="370" ind1="a" ind2="1">
            <subfield code="a">Statistische Berichte des Statistischen Landesamtes Rheinland-Pfalz / L / 4 / 6</subfield>
          </datafield>
          <datafield tag="405" ind1="-" ind2="1">
            <subfield code="a">1964(1975); damit Ersch. eingest.</subfield>
          </datafield>
          <datafield tag="406" ind1="a" ind2="1">
            <subfield code="j">1964</subfield>
          </datafield>
          <datafield tag="419" ind1="-" ind2="1">
            <subfield code="a">Bad Ems</subfield>
            <subfield code="b">Statist. Landesamt</subfield>
            <subfield code="c">1975-1975</subfield>
            <subfield code="A">3</subfield>
          </datafield>
          <datafield tag="425" ind1="b" ind2="1">
            <subfield code="a">1975</subfield>
          </datafield>
          <datafield tag="425" ind1="c" ind2="1">
            <subfield code="a">1975</subfield>
          </datafield>
          <datafield tag="700" ind1="-" ind2="1">
            <subfield code="a">310</subfield>
            <subfield code="2">ZDB</subfield>
          </datafield>
          <controlfield tag="SYS">010389914</controlfield>
          <datafield tag="LOW" ind1="-" ind2="1">
            <subfield code="a">R0003</subfield>
          </datafield>
          <datafield tag="088" ind1=" " ind2=" ">
            <subfield code="a">107</subfield>
            <subfield code="c">Per. 5157</subfield>
            <subfield code="d">1964(1975)</subfield>
          </datafield>
          <datafield tag="200" ind1=" " ind2="9">
            <subfield code="0">1</subfield>
            <subfield code="b">1964(1975)</subfield>
            <subfield code="f">Per. 5157</subfield>
            <subfield code="2">R0003</subfield>
          </datafield>
        </record>
      </metadata>
    </record>
  </ListRecords>
</OAI-PMH>
